%% % Articoli esempio
%% @article{
%%   Tristano2020,
%%   Author = {T. Munini},
%%   Title = {The Monster Hunting Era},
%%   Journal = {The Hunter Catalog},
%%   Volume = {5},
%%   Pages = {9-19},
%%   Year = {2020}
%% }
%% 
%% @article{einstein,
%%     author = "Albert Einstein",
%%     title = "{Zur Elektrodynamik bewegter K{\"o}rper}. ({German})
%%     [{On} the electrodynamics of moving bodies]",
%%     journal = "Annalen der Physik",
%%     volume = "322",
%%     number = "10",
%%     pages = "891--921",
%%     year = "1905",
%%     DOI = "http://dx.doi.org/10.1002/andp.19053221004",
%%     keywords = "physics"
%% }
%% 
%% @book{dirac,
%%     title = {The Principles of Quantum Mechanics},
%%     author = {Paul Adrien Maurice Dirac},
%%     isbn = {9780198520115},
%%     series = {International series of monographs on physics},
%%     year = {1981},
%%     publisher = {Clarendon Press},
%%     keywords = {physics}
%% }
%% 
%% @online{knuthwebsite,
%%     author = "Donald Knuth",
%%     title = "Knuth: Computers and Typesetting",
%%     url  = "http://www-cs-faculty.stanford.edu/~uno/abcde.html",
%%     addendum = "(accessed: 01.09.2016)",
%%     keywords = "latex,knuth"
%% }
%% 
%% @inbook{knuth-fa,
%%     author = "Donald E. Knuth",
%%     title = "Fundamental Algorithms",
%%     publisher = "Addison-Wesley",
%%     year = "1973",
%%     chapter = "1.2",
%%     keywords  = "knuth,programming"
%% }


%%%%%%%%%%%%%%%%%%%%%%%%%%%%%%%%%%%%%%%%%%%%%%%%%%%%%%%%%%%%%%%%%%%%%%%%%%%%%%%%%%%%%%%%%%%%
%% Vera bibliografia %%%%%%%%%%%%%%%%%%%%%%%%%%%%%%%%%%%%%%%%%%%%%%%%%%%%%%%%%%%%%%%%%%%%%%%
%%%%%%%%%%%%%%%%%%%%%%%%%%%%%%%%%%%%%%%%%%%%%%%%%%%%%%%%%%%%%%%%%%%%%%%%%%%%%%%%%%%%%%%%%%%%

%% GAN
@online{
  GANTF,
  Title = "Deep Convolutional Generative Adversarial Network",
  Url  = "https://www.tensorflow.org/tutorials/generative/dcgan"
}

@article{
  GAN_HD,
  Author = {Karras et al.},
  Title = {A Style-Based Generator Architecture for Generative Adversarial Networks},
  %Journal = {The Hunter Catalog},
  %Volume = {5},
  %Pages = {9-19},
  Year = {2019},
  Url  = "https://arxiv.org/pdf/1812.04948.pdf"
}

@online{
  MIT_GEN,
  Title = "Deep Generative Modeling | MIT 6.S191",
  Url  = "https://youtu.be/rZufA635dq4"
}

@online{
  HARD_GAN,
  Author = { Jonathan Hui},
  Title = "Why it is so hard to train Generative Adversarial Networks!",
  Url  = "https://medium.com/@jonathan_hui/gan-why-it-is-so-hard-to-train-generative-advisory-networks-819a86b3750b"
}

%% RL
@online{
  MIT_RL,
  Title = "Reinforcement Learning | MIT 6.S191",
  Url  = "https://youtu.be/nZfaHIxDD5w"
}

@online{
  Simple_RL,
  Author = { A. Violante },
  Title = "Simple Reinforcement Learning: Q-learning",
  Url  = "https://towardsdatascience.com/simple-reinforcement-learning-q-learning-fcddc4b6fe56"
}

@online{
  DQN,
  Author = { V. Mnih et al. },
  Title = "Playing Atari with Deep Reinforcement Learning",
  Url  = "https://www.cs.toronto.edu/~vmnih/docs/dqn.pdf"
}


@online{
  PG_Expl,
  Author = { Jonathan Hui},
  Title = "RL â€” Policy Gradient Explained",
  Url  = "https://medium.com/@jonathan_hui/rl-policy-gradients-explained-9b13b688b146"
}

@online{
  AlphaGO,
%  Author = {},
%  Title = "",
  Url  = "https://deepmind.com/research/case-studies/alphago-the-story-so-far"
}
@online{
  AlphaZero,
%  Author = {},
%  Title = "",
  Url  = "https://deepmind.com/blog/article/alphazero-shedding-new-light-grand-games-chess-shogi-and-go"
}


%% GAN+RL
@online{
  SeqGAN,
  Author = { Lantao Yu et al.  },
  Title = "SeqGAN: Sequence Generative Adversarial Nets with Policy Gradient",
  Url  = "https://arxiv.org/pdf/1609.05473.pdf"
}

@online{
  GAN_for_text,
  Author = { Karthik Chintapalli },
  Title = "Generative Adversarial Networks for Text Generation",
  Url  = "https://becominghuman.ai/generative-adversarial-networks-for-text-generation-part-1-2b886c8cab10"
}

@online{
  LeakGAN,
  Author = { Jiaxian Guo et al.  },
  Title = "Long Text Generation via Adversarial Training with Leaked Information",
  Url  = "https://arxiv.org/pdf/1709.08624.pdf"
}

@online{
  NetTextGen_Review,
  Author = { S. Lu et al.  },
  Title = "Neural Text Generation: Past, Present and Beyond",
  Url  = "https://arxiv.org/pdf/1803.07133.pdf"
}

%@online{
%  MLE
%  Author = {},
%  Title = "",
%  Url  = ""
%https://en.wikipedia.org/wiki/Maximum_likelihood_estimation
%}
